<record><leader>00000cas a22000007a 4500</leader><controlfield tag="001">16358315</controlfield><controlfield tag="007">hd afa---baca</controlfield><controlfield tag="007">hd bfa015baaa</controlfield><controlfield tag="008">870801u1uuuuuuumaudr n a     0    0ger c</controlfield><datafield ind1=" " ind2=" " tag="010"><subfield code="a">sn 87018773 </subfield></datafield><datafield ind1=" " ind2=" " tag="040"><subfield code="a">HUL</subfield><subfield code="b">eng</subfield><subfield code="c">HUL</subfield><subfield code="d">RQM</subfield><subfield code="d">OCLCQ</subfield></datafield><datafield ind1=" " ind2=" " tag="012"><subfield code="i">8707</subfield></datafield><datafield ind1=" " ind2=" " tag="042"><subfield code="a">pcc</subfield></datafield><datafield ind1="0" ind2=" " tag="130"><subfield code="a">Tag (Berlin, Germany)</subfield></datafield><datafield ind1="1" ind2="4" tag="245"><subfield code="a">Der Tag</subfield><subfield code="h">[microform].</subfield></datafield><datafield ind1=" " ind2=" " tag="260"><subfield code="a">[Berlin :</subfield><subfield code="b">Druck und Verlag von A. Scherl]</subfield></datafield><datafield ind1=" " ind2=" " tag="300"><subfield code="a">v.</subfield></datafield><datafield ind1=" " ind2=" " tag="310"><subfield code="a">Daily</subfield></datafield><datafield ind1=" " ind2=" " tag="588"><subfield code="a">Description based on: Nr. 179 (Sonntag, 2. Aug. 1914); title from caption.</subfield></datafield><datafield ind1=" " ind2=" " tag="533"><subfield code="a">Microfilm.</subfield><subfield code="m">1914-1920.</subfield><subfield code="b">Cambridge, Mass. :</subfield><subfield code="c">Harvard University Library Microreprographic Service,</subfield><subfield code="d">1980.</subfield><subfield code="e">5 microfilm reels ; 35 mm.</subfield></datafield><datafield ind1=" " ind2=" " tag="850"><subfield code="a">MH</subfield><subfield code="a">MH (master)</subfield></datafield><datafield ind1="1" ind2=" " tag="029"><subfield code="a">AU@</subfield><subfield code="b">000025828697</subfield></datafield></record>